@article{varga2017making,
  title={Making system of systems interoperable--The core components of the arrowhead framework},
  author={Varga, Pal and Blomstedt, Fredrik and Ferreira, Luis Lino and Eliasson, Jens and Johansson, Mats and Delsing, Jerker and de Soria, Iker Mart{\'\i}nez},
  journal={Journal of Network and Computer Applications},
  volume={81},
  pages={85--95},
  year={2017},
  publisher={Elsevier}
}

@article{varga2015service,
  title={Service interaction through gateways for inter-cloud collaboration within the arrowhead framework},
  author={Varga, P{\'a}l and Hegedus, Csaba},
  journal={5th IEEE WirelessVitae, Hyderabad, India},
  year={2015}
}

@INPROCEEDINGS{IEEEUART,
  author={Nanda, Umakanta and Pattnaik, Sushant Kumar},
  booktitle={2016 3rd International Conference on Advanced Computing and Communication Systems (ICACCS)}, 
  title={Universal Asynchronous Receiver and Transmitter (UART)}, 
  year={2016},
  volume={01},
  number={},
  pages={1-5},
  doi={10.1109/ICACCS.2016.7586376}
}

@incollection{delsing2017arrowhead,
  title={The arrowhead framework architecture},
  author={Delsing, Jerker and Varga, Pal and Ferreira, Luis and Albano, Michele and Pereira, Pablo Pu{\~n}al and Eliasson, Jens and Carlsson, Oscar and Derhamy, Hasan},
  booktitle={IoT Automation},
  pages={79--124},
  year={2017},
  publisher={CRC Press}
}

@software{arrowheadcore,
    author={eclipse-arrowhead},
    title={core-java-spring},
    url={https://github.com/eclipse-arrowhead/core-java-spring},
    version={4.6.0},
    date={2022-09-21},
}

@software{arrowheadlib,
    author={eclipse-arrowhead},
    title={application-library-java-spring},
    url={https://github.com/eclipse-arrowhead/application-library-java-spring},
    version={4.4.0.2},
    date={2022-01-05},
}